%YAML 1.1
%TAG !u! tag:unity3d.com,2011:
--- !u!1 &8990725995470058308
GameObject:
  m_ObjectHideFlags: 0
  m_CorrespondingSourceObject: {fileID: 0}
  m_PrefabInstance: {fileID: 0}
  m_PrefabAsset: {fileID: 0}
  serializedVersion: 6
  m_Component:
  - component: {fileID: 8990725995469959012}
  - component: {fileID: 8990725995471253316}
  - component: {fileID: 8990725995472252292}
  - component: {fileID: 2153589747432466986}
  - component: {fileID: 3040116777966433440}
  - component: {fileID: 4013002167644853011}
  - component: {fileID: 150620829124868558}
  m_Layer: 12
  m_Name: Tea_Table
  m_TagString: Untagged
  m_Icon: {fileID: 0}
  m_NavMeshLayer: 0
  m_StaticEditorFlags: 4294967295
  m_IsActive: 1
--- !u!4 &8990725995469959012
Transform:
  m_ObjectHideFlags: 0
  m_CorrespondingSourceObject: {fileID: 0}
  m_PrefabInstance: {fileID: 0}
  m_PrefabAsset: {fileID: 0}
  m_GameObject: {fileID: 8990725995470058308}
  m_LocalRotation: {x: -0, y: 0.7071068, z: -0, w: 0.7071068}
  m_LocalPosition: {x: 40.474586, y: 2.0901256, z: 19.32334}
  m_LocalScale: {x: 1, y: 1, z: 1}
  m_Children: []
  m_Father: {fileID: 0}
  m_RootOrder: 0
  m_LocalEulerAnglesHint: {x: 0, y: 90, z: 0}
--- !u!33 &8990725995471253316
MeshFilter:
  m_ObjectHideFlags: 0
  m_CorrespondingSourceObject: {fileID: 0}
  m_PrefabInstance: {fileID: 0}
  m_PrefabAsset: {fileID: 0}
  m_GameObject: {fileID: 8990725995470058308}
  m_Mesh: {fileID: 4300000, guid: d50ea8bf425822d4cbf7e2009b914232, type: 3}
--- !u!23 &8990725995472252292
MeshRenderer:
  m_ObjectHideFlags: 0
  m_CorrespondingSourceObject: {fileID: 0}
  m_PrefabInstance: {fileID: 0}
  m_PrefabAsset: {fileID: 0}
  m_GameObject: {fileID: 8990725995470058308}
  m_Enabled: 1
  m_CastShadows: 1
  m_ReceiveShadows: 1
  m_DynamicOccludee: 1
  m_MotionVectors: 1
  m_LightProbeUsage: 1
  m_ReflectionProbeUsage: 1
  m_RayTracingMode: 2
  m_RenderingLayerMask: 1
  m_RendererPriority: 0
  m_Materials:
  - {fileID: 2100000, guid: a665a11938915f348b779575e7c0f7be, type: 2}
  m_StaticBatchInfo:
    firstSubMesh: 0
    subMeshCount: 0
  m_StaticBatchRoot: {fileID: 0}
  m_ProbeAnchor: {fileID: 0}
  m_LightProbeVolumeOverride: {fileID: 0}
  m_ScaleInLightmap: 1
  m_ReceiveGI: 1
  m_PreserveUVs: 0
  m_IgnoreNormalsForChartDetection: 0
  m_ImportantGI: 0
  m_StitchLightmapSeams: 1
  m_SelectedEditorRenderState: 3
  m_MinimumChartSize: 4
  m_AutoUVMaxDistance: 0.5
  m_AutoUVMaxAngle: 89
  m_LightmapParameters: {fileID: 0}
  m_SortingLayerID: 0
  m_SortingLayer: 0
  m_SortingOrder: 0
--- !u!65 &2153589747432466986
BoxCollider:
  m_ObjectHideFlags: 0
  m_CorrespondingSourceObject: {fileID: 0}
  m_PrefabInstance: {fileID: 0}
  m_PrefabAsset: {fileID: 0}
  m_GameObject: {fileID: 8990725995470058308}
  m_Material: {fileID: 0}
  m_IsTrigger: 0
  m_Enabled: 1
  serializedVersion: 2
  m_Size: {x: 1.2905403, y: 0.46790606, z: 0.61402774}
  m_Center: {x: 0.03350369, y: 0.23395294, z: -0.025033822}
--- !u!54 &3040116777966433440
Rigidbody:
  m_ObjectHideFlags: 0
  m_CorrespondingSourceObject: {fileID: 0}
  m_PrefabInstance: {fileID: 0}
  m_PrefabAsset: {fileID: 0}
  m_GameObject: {fileID: 8990725995470058308}
  serializedVersion: 2
  m_Mass: 1
  m_Drag: 0
  m_AngularDrag: 0.05
  m_UseGravity: 1
  m_IsKinematic: 0
  m_Interpolate: 0
  m_Constraints: 80
  m_CollisionDetection: 0
--- !u!114 &4013002167644853011
MonoBehaviour:
  m_ObjectHideFlags: 0
  m_CorrespondingSourceObject: {fileID: 0}
  m_PrefabInstance: {fileID: 0}
  m_PrefabAsset: {fileID: 0}
  m_GameObject: {fileID: 8990725995470058308}
  m_Enabled: 1
  m_EditorHideFlags: 0
  m_Script: {fileID: 11500000, guid: f5485cdd358e8b14092eab919f8cfa60, type: 3}
  m_Name: 
  m_EditorClassIdentifier: 
  CanPlaceOutlineMat: {fileID: 2100000, guid: e462dbd0494c14b41901be0e9d76c5ed, type: 2}
  CannotPlaceOutlineMat: {fileID: 2100000, guid: abecfca98a2aeaf409972f9f45e937d1,
    type: 2}
  HighlightOutlineMat: {fileID: 2100000, guid: 93b75f9536747b84d9e4457ec0dc71c6, type: 2}
  outlineRenderer: {fileID: 0}
--- !u!114 &150620829124868558
MonoBehaviour:
  m_ObjectHideFlags: 0
  m_CorrespondingSourceObject: {fileID: 0}
  m_PrefabInstance: {fileID: 0}
  m_PrefabAsset: {fileID: 0}
  m_GameObject: {fileID: 8990725995470058308}
  m_Enabled: 1
  m_EditorHideFlags: 0
  m_Script: {fileID: 11500000, guid: efb12871557be6d468bb6e3877b7ad28, type: 3}
  m_Name: 
  m_EditorClassIdentifier: 
  m_rigidbody: {fileID: 0}
  m_collider: {fileID: 0}
  m_outline: {fileID: 0}
  smoothSpeed: 0.5
  m_cannotBeDropped: 0
  positionVector: 5
  m_isHovered: 0
  isSelected: 0
